% This file was created with Citavi 6.17.0.0

@electronic{Redispatch_2_0,
 authir = {{Interconnector GmbH}},
 year = {2021},
 month = {05},
 day = {11},
 title = {Redispatch 2.0 -- Was Anlagenbetreibende jetzt wissen m{\"u}ssen},
 url = {https://www.interconnector.de/energieblog/redispatch-2-0-was-anlagenbetreiber-jetzt-wissen-muessen/},
 urldate = {2023-11-30}
}
