@article{ELVjournal.2012,
	author = {ELVjournal},
	year = {2012},
	title = {{MAX! Heizk{\"o}rperthermostat als ARR-Bausatz}},
	number = {2}
}


@booklet{eQ3AG.05.2018,
	author = {{eQ-3 AG}},
	year = {2018},
	month = {05},
	title = {{Operating Manual BLUETOOTH{\circledR} Smart Radiator Thermostat UK eqiva CC-RT-M-BLE-EQ}}
}


@article{Kersken.2018,
	author = {Kersken, Matthias and Sinnesbichler, Herbert and Erhorn, Hans},
	abstract = {Intelligente Heizungsregler und Smarthome-Systeme k{\"o}nnen den Heizenergieverbrauch bzw. die Heizkosten, unter anderem durch eine Anpassung der Geb{\"a}udebeheizung an die An- bzw. Abwesenheit der Nutzer, ...},
	year = {2018},
	title = {{Analyse der Einsparpotenziale durch Smarthome-- und intelligente Heizungsregelungen}},
	pages = {276--285},
	volume = {40},
	number = {5},
	journal = {{Bauphysik}}
}


@electronic{StatistischesBundesamt.16.07.2025,
	author = {{Statistisches Bundesamt (Deutschland)}},
	abstract = {Private Haushalte verbrauchen durch Heizen die meiste Energie. Damit verbunden ist meist auch die Freisetzung von Kohlendioxid (CO2). Die gesamten CO2-Emissionen privater Haushalte beim Heizen sind binnen 20 Jahren um 12{\&}nbsp;{\%} gesunken. Im Jahr 2021 wurden knapp 147{\&}nbsp;Millionen Tonnen CO2 emittiert, um Wohnr{\"a}ume warm zu halten, wie das Statistische Bundesamt (Destatis) mitteilt. 2001 waren es noch knapp 167{\&}nbsp;Millionen Tonnen CO2. Dieser R{\"u}ckgang hat mehrere Gr{\"u}nde: Zum einen wird seltener mit {\"O}l geheiz},
	year = {2025},
	month = {07},
	day = {16},
	title = {{CO2-Emissionen beim Heizen binnen 20 Jahren um 12{\%} gesunken}},
	url = {https://www.destatis.de/DE/Presse/Pressemitteilungen/Zahl-der-Woche/2024/PD24_05_p002.html},
	urldate = {2025-10-13}
}


@electronic{Umweltbundesamt.15.03.2022,
	author = {{Umweltbundesamt (Deutschland)}},
	abstract = {Bundesklimaschutzministerium k{\"u}ndigt umfangreiches Sofortprogramm an},
	year = {2022},
	month = {03},
	day = {15},
	title = {{Treibhausgasemissionen stiegen 2021 um 4,5{\%}}},
	url = {https://www.umweltbundesamt.de/presse/pressemitteilungen/treibhausgasemissionen-stiegen-2021-um-45-prozent},
	urldate = {2025-10-13}
}